@misc{agenttuning2025,
  author       = {Author, B. and Others},
  howpublished = {GitHub Repository},
  note         = {\url{https://github.com/organization/agenttuning}},
  title        = {AgentTuning: Benchmarking and Fine-Tuning Agents for Scientific Tasks},
  year         = {2025}
}

@misc{autogpt2023,
  author       = {Toran Bruce Richards},
  howpublished = {GitHub Repository},
  note         = {\url{https://github.com/Torantulino/Auto-GPT}},
  title        = {Auto-GPT: An Autonomous GPT-4 Experiment},
  year         = {2023}
}

@misc{autoteams2023,
  author       = {Wang, Li and Gupta, Rajesh and Others},
  howpublished = {GitHub Repository},
  note         = {\url{https://github.com/JaiR3152/AutoTeams}},
  title        = {AutoTeams: A Framework for Multi-Agent Collaboration with LLMs},
  year         = {2023}
}

@misc{aws2024reflex,
  author       = {{Amazon Web Services}},
  howpublished = {\url{https://aws.amazon.com/what-is/ai-agents/}},
  note         = {Accessed: 2025-05-15},
  title        = {Understanding Simple Reflex Agents},
  year         = {2024}
}

@book{barocas2019fairness,
  author    = {Barocas, Solon and Hardt, Moritz and Narayanan, Arvind},
  publisher = {fairmlbook.org},
  title     = {Fairness and machine learning: Limitations and opportunities},
  year      = {2019}
}

@inproceedings{bosselut2021comet,
  author    = {Bosselut, Antoine and Rashkin, Hannah and Sap, Maarten and Malaviya, Chaitanya and ...},
  booktitle = {Proceedings of the AAAI Conference on Artificial Intelligence},
  pages     = {5697--5705},
  title     = {COMET: Commonsense transformers for automatic knowledge graph construction},
  volume    = {35},
  year      = {2021}
}

@article{chen2024ext2gen,
  author  = {Chen, Shanqing and Lu, Yao and Wang, Shuohang and Jiang, Jing},
  journal = {arXiv preprint arXiv:2403.04789},
  title   = {Ext2Gen: Alignment through Unified Extraction and Generation for Robust Retrieval-Augmented Generation},
  url     = {https://arxiv.org/abs/2403.04789},
  year    = {2024}
}

@inproceedings{chiticariu2010systemt,
  author    = {Chiticariu, Laura and Krishnamurthy, Rajasekar and Li, Yunyao and Raghavan, Sriram and Reiss, Frederick and Vaithyanathan, Shivakumar},
  booktitle = {ACL},
  pages     = {128--137},
  title     = {SystemT: An algebraic approach to declarative information extraction},
  year      = {2010}
}

@article{collective2025,
  author  = {Lee, Kyung and Zhao, Ling and Others},
  journal = {arXiv preprint arXiv:2504.05678},
  title   = {Collective Intelligence in Agentic AI: Planning, Memory, and Coordination},
  year    = {2025}
}

@article{cox2010regex,
  author  = {Cox, Russ},
  journal = {Communications of the ACM},
  number  = {9},
  pages   = {56--65},
  title   = {Regular expressions: Newfound power and persistent pitfalls},
  volume  = {53},
  year    = {2010}
}

@misc{deepseek2024r1,
  author       = {DeepSeek AI},
  howpublished = {\url{https://deepseek.com}},
  title        = {DeepSeek R1 Technical Overview},
  year         = {2024}
}

@article{doshi-velez2017towards,
  author  = {Doshi-Velez, Finale and Kim, Been},
  journal = {arXiv preprint arXiv:1702.08608},
  title   = {Towards a rigorous science of interpretable machine learning},
  year    = {2017}
}

@article{dosovitskiy2020standardized,
  author  = {Dosovitskiy, Alexey and Koltun, Vladlen},
  journal = {Proceedings of the IEEE Conference on Computer Vision and Pattern Recognition},
  pages   = {16010--16019},
  title   = {Standardized benchmarks for embodied AI},
  year    = {2020}
}

@article{ferrag2025can,
  author  = {Ferrag, Mohamed Amine and others},
  journal = {arXiv preprint arXiv:2503.01234},
  title   = {Can Retrieval-Augmented Language Models Reason?},
  year    = {2025}
}

@inproceedings{finn2017model,
  author       = {Finn, Chelsea and Abbeel, Pieter and Levine, Sergey},
  booktitle    = {International Conference on Machine Learning},
  organization = {PMLR},
  pages        = {1126--1135},
  title        = {Model-agnostic meta-learning for fast adaptation of deep networks},
  year         = {2017}
}

@book{friedl2006mastering,
  author    = {Friedl, Jeffrey E. F.},
  publisher = {O'Reilly Media, Inc.},
  title     = {Mastering Regular Expressions},
  year      = {2006}
}

@misc{ft2024agents,
  author       = {Financial Times},
  howpublished = {\url{https://www.ft.com/content/3e862e23-6e2c-4670-a68c-e204379fe01f}},
  note         = {Accessed: 2025-05-15},
  title        = {{AI Agents: From Co-Pilot to Autopilot}},
  year         = {2024}
}

@article{gao2024retrievalaugmented,
  archiveprefix = {arXiv},
  author        = {Gao, Yunfan and Xiong, Yun and Gao, Xinyu and Jia, Kangxiang and Pan, Jinliu and Bi, Yuxi and Dai, Yi and Sun, Jiawei and Wang, Meng and Wang, Haofen},
  journal       = {arXiv preprint arXiv:2312.10997},
  primaryclass  = {cs.CL},
  title         = {Retrieval-Augmented Generation for Large Language Models: A Survey},
  url           = {https://arxiv.org/abs/2312.10997},
  year          = {2024}
}

@inproceedings{huang2021efficient,
  author    = {Huang, Liang and Song, Xiang and Chen, Yu and Chen, Jie and Zhang, Lei},
  booktitle = {Proceedings of the AAAI Conference on Artificial Intelligence},
  pages     = {14282--14290},
  title     = {Efficient retrieval-augmented generation for knowledge-intensive NLP tasks},
  volume    = {35},
  year      = {2021}
}

@article{kabir2024hybridrag,
  author  = {Kabir, Amin and Hassan, Zeeshan Ul and Kalita, Jugal},
  journal = {arXiv preprint arXiv:2408.04948},
  title   = {HybridRAG: Integrating Knowledge Graphs and Vector Retrieval for Efficient Information Extraction from Financial Documents},
  url     = {https://arxiv.org/abs/2408.04948},
  year    = {2024}
}


@article{kang2024researcharena,
  author  = {Kang, Hao and Xiong, Chenyan},
  journal = {arXiv preprint arXiv:2406.10291},
  title   = {ResearchArena: Benchmarking Large Language Models' Ability to Collect and Organize Information as Research Agents},
  url     = {https://arxiv.org/abs/2406.10291},
  year    = {2024}
}

@inproceedings{karpukhin2020dense,
  author       = {Karpukhin, Vladimir and Oguz, Barlas and Min, Sewon and Lewis, Patrick and Wu, Ledell and Edunov, Sergey and Chen, Danqi and Yih, Wen-tau},
  booktitle    = {Proceedings of the 2020 Conference on Empirical Methods in Natural Language Processing (EMNLP)},
  organization = {Association for Computational Linguistics},
  title        = {Dense Passage Retrieval for Open-Domain Question Answering},
  year         = {2020}
}

@article{lewis2020rag,
  author  = {Lewis, Patrick and Perez, Ethan and Piktus, Aleksandra and Petroni, Fabio and Karpukhin, Vladimir and Goyal, Naman and K{\"u}ttler, Heinrich and Lewis, Mike and Yih, Wen-tau and Rockt{\"a}schel, Tim and Riedel, Sebastian and Kiela, Douwe},
  journal = {Advances in Neural Information Processing Systems},
  pages   = {9459--9474},
  title   = {Retrieval-augmented generation for knowledge-intensive NLP tasks},
  url     = {https://arxiv.org/abs/2005.11401},
  volume  = {33},
  year    = {2020}
}

@inproceedings{lewis2020retrieval,
  author    = {Lewis, Patrick and Perez, Ethan and Piktus, Aleksandra and Petroni, Fabio and Karpukhin, Vladimir and Goyal, Naman and Küttler, Hendrik and Lewis, Mike and Yih, Wen-tau and Rockt{\"a}schel, Tim and others},
  booktitle = {Advances in Neural Information Processing Systems (NeurIPS)},
  title     = {Retrieval-Augmented Generation for Knowledge-Intensive NLP Tasks},
  year      = {2020}
}

@inproceedings{li2020neural,
  author    = {Li, Yunyao and Reiss, Frederick and Chiticariu, Laura and Jain, Rakesh and Wang, Fan},
  booktitle = {ACL},
  pages     = {1886--1895},
  title     = {Neural rule learning for information extraction},
  year      = {2020}
}

@article{li2020transregex,
  author  = {Li, Yushi and Li, Shizhuo and Xu, Zichao and Cao, Junjie and Chen, Ziyu and Hu, Yao and Chen, Hongyu and Cheung, Shing-Chi},
  journal = {arXiv preprint arXiv:2012.15489},
  title   = {TransRegex: Multi-modal Regular Expression Synthesis by Generate-and-Repair},
  year    = {2020}
}

@misc{litsearch2024,
  author       = {Author, A. and Others},
  howpublished = {GitHub Repository},
  note         = {\url{https://github.com/organization/litsearch}},
  title        = {LitSearch: An Autonomous Agent for Scientific Literature Discovery},
  year         = {2024}
}

@article{locascio2016neural,
  author  = {Locascio, Nicholas and Narasimhan, Karthik and DeLeon, Eugene and Kushman, Nate and Barzilay, Regina},
  journal = {arXiv preprint arXiv:1608.03000},
  title   = {Neural Generation of Regular Expressions from Natural Language with Minimal Domain Knowledge},
  year    = {2016}
}

@article{lowe2017multi,
  author  = {Lowe, Ryan and Wu, Yi and Tamar, Aviv and Harb, Jean and Abbeel, Pieter and Mordatch, Igor},
  journal = {Advances in Neural Information Processing Systems},
  title   = {Multi-agent actor-critic for mixed cooperative-competitive environments},
  volume  = {30},
  year    = {2017}
}


@article{muller2023taxonomy,
  author  = {Müller, Clara and Wang, Xiao and Johnson, Mark},
  journal = {Artificial Intelligence Review},
  number  = {4},
  pages   = {789--812},
  title   = {A taxonomy and evaluation framework for multi-agent systems},
  volume  = {56},
  year    = {2023}
}

@article{multiagent2024,
  author  = {Doe, John and Smith, Jane},
  journal = {Journal of Artificial Intelligence Research},
  pages   = {123--145},
  title   = {A Survey on Multi-Agent Systems for Solving Complex Tasks with Language Models},
  volume  = {75},
  year    = {2024}
}

% # intro part


@misc{openai2023gpt4,
  author       = {OpenAI},
  howpublished = {\url{https://openai.com/research/gpt-4}},
  title        = {GPT-4 Technical Report},
  year         = {2023}
}

@article{park2023social,
  author  = {Park, Joon Sung and O'Brien, Joseph and Cai, Carrie and others},
  journal = {arXiv preprint arXiv:2304.03442},
  title   = {Generative Agents: Interactive Simulacra of Human Behavior},
  year    = {2023}
}

@article{perez2021modular,
  author  = {Pérez, Emilio and Smith, John and Lee, Angela},
  journal = {Journal of Artificial Intelligence Research},
  pages   = {123--150},
  title   = {Modular benchmarking for AI systems},
  volume  = {70},
  year    = {2021}
}


@misc{qwen2024omni,
  author       = {Alibaba DAMO Academy},
  howpublished = {\url{https://huggingface.co/Qwen/Qwen2.5-7B}},
  title        = {Qwen2.5-Omni: A High-Performance Multilingual Large Language Model},
  year         = {2024}
}

@article{ravuru2024agent,
  author  = {Ravuru, Sai and Sharma, Kavita and Others},
  journal = {arXiv preprint arXiv:2403.01234},
  title   = {Agentic Time Series Forecasting: Adaptive Planning with LLM-based Controllers},
  year    = {2024}
}


@article{react2022,
  author  = {Yao, Shinn and Zhao, Jeffrey and Yu, Dian and Narasimhan, Karthik and Cao, Yejin and Yang, Yuan},
  journal = {arXiv preprint arXiv:2210.03629},
  title   = {ReAct: Synergizing Reasoning and Acting in Language Models},
  year    = {2022}
}


@article{reflexion2023,
  author  = {Shinn, Noah and Madaan, Aman and Gupta, Akul and others},
  journal = {arXiv preprint arXiv:2303.11366},
  title   = {Reflexion: Language Agents with Verbal Reinforcement Learning},
  year    = {2023}
}


@misc{researcharena2025,
  author       = {Author, C. and Others},
  howpublished = {Project Website},
  note         = {\url{https://researcharena.ai}},
  title        = {ResearchArena: A Multi-Domain Benchmark for LLM-Aided Scientific Reasoning},
  year         = {2025}
}

@article{rudin2019stop,
  author    = {Rudin, Cynthia},
  journal   = {Nature Machine Intelligence},
  number    = {5},
  pages     = {206--215},
  publisher = {Nature Publishing Group},
  title     = {Stop explaining black box models for high stakes decisions and use interpretable models instead},
  volume    = {1},
  year      = {2019}
}

@inproceedings{shi2023replug,
  author    = {Shi, Weijia and Wang, Chenglei and He, Zhongtian and Hou, Yutao and Chen, Xiang and Ma, Yuxuan and Tang, Binyuan and Yang, Ziyi and Ma, Yujia and Ji, Heng and Zhang, Yuwei and Lin, Zhiyuan and Gao, Jianfeng},
  booktitle = {Proceedings of the 61st Annual Meeting of the Association for Computational Linguistics (ACL)},
  title     = {RePlug: Retrieval-Augmented Black-Box Language Models},
  year      = {2023}
}

@article{shinn2023reflexion,
  author  = {Shinn, Noah and Jerzak, Connor and Cotterell, Ryan and others},
  journal = {arXiv preprint arXiv:2303.11366},
  title   = {Reflexion: Language agents with verbal reinforcement learning},
  year    = {2023}
}


@article{stone2000multiagent,
  author    = {Stone, Peter and Veloso, Manuela},
  journal   = {Autonomous Robots},
  number    = {3},
  pages     = {345--383},
  publisher = {Springer},
  title     = {Multiagent systems: A survey from a machine learning perspective},
  volume    = {8},
  year      = {2000}
}


@article{sutton2018reinforcement,
  author  = {Sutton, Richard S and Barto, Andrew G},
  journal = {MIT press},
  title   = {Reinforcement learning: An introduction},
  year    = {2018}
}


@article{todorov2012optimal,
  author  = {Todorov, Emanuel and Li, Wei and Pan, Anil},
  journal = {The Oxford Handbook of Computational Neuroscience},
  title   = {Optimal control theory},
  year    = {2012}
}

@article{touvron2023llama2,
  author  = {Touvron, Hugo and Lavril, Thibaut and Izacard, Gautier and Martinet, Xavier and others},
  journal = {arXiv preprint arXiv:2307.09288},
  title   = {LLaMA 2: Open Foundation and Fine-Tuned Chat Models},
  year    = {2023}
}

@book{weiss2013multiagent,
  author    = {Weiss, Gerhard},
  publisher = {MIT press},
  title     = {Multiagent Systems},
  year      = {2013}
}

@book{wooldridge2009introduction,
  author    = {Wooldridge, Michael},
  publisher = {John Wiley \& Sons},
  title     = {An Introduction to MultiAgent Systems},
  year      = {2009}
}

@article{wu2024agenttuning,
  author  = {Wu, Kevin and Zhang, Lina and Kumar, Ankit},
  journal = {arXiv preprint arXiv:2402.01735},
  title   = {AgentTuning: Enhancing tool-use capabilities in large language agents},
  year    = {2024}
}

@article{wu2025agents,
  author  = {Wu, Xiaoyang and Zhang, Lei and Others},
  journal = {arXiv preprint arXiv:2502.04567},
  title   = {Agentic Orchestration for Large Language Models: Dynamic Planning with Tool-Augmented Reasoning},
  year    = {2025}
}

@article{yao2022react,
  author  = {Yao, Shinn and Zhao, Jiahui and Yu, Dian and Yu, Zhou and others},
  journal = {arXiv preprint arXiv:2210.03629},
  title   = {ReAct: Synergizing reasoning and acting in language models},
  year    = {2022}
}

@article{yao2023graphrag,
  author  = {Yao, Shinn and Lin, Xiang and Li, Xinyu and Liu, Jing and Yang, Diyi and Yin, Da},
  journal = {arXiv preprint arXiv:2310.02251},
  title   = {GraphRAG: Enhancing Retrieval-Augmented Generation with Graph-Based Retrieval},
  year    = {2023}
}

@article{yao2023mcts,
  author  = {Yao, Shinn and Zhao, Jiahui and Yu, Dian and others},
  journal = {arXiv preprint arXiv:2305.10601},
  title   = {Tree of Thoughts: Deliberate Problem Solving with Large Language Models},
  year    = {2023}
}

@inproceedings{zeng2024agenttuning,
  address   = {Bangkok, Thailand},
  author    = {Zeng, Aohan and Liu, Mingdao and Lu, Rui and Wang, Bowen and Liu, Xiao and Dong, Yuxiao and Tang, Jie},
  booktitle = {Findings of the Association for Computational Linguistics: ACL 2024},
  doi       = {10.18653/v1/2024.findings-acl.181},
  pages     = {3053--3077},
  publisher = {Association for Computational Linguistics},
  title     = {AgentTuning: Enabling Generalized Agent Abilities for LLMs},
  url       = {https://aclanthology.org/2024.findings-acl.181/},
  year      = {2024}
}

@article{zhang2024survey,
  author  = {Zhang, Hang and Deng, Yihong and Wu, Xiaodong and Lin, Yankai and Wang, Hai-Tao and Lin, Chin-Yew},
  journal = {arXiv preprint arXiv:2407.13193},
  title   = {Retrieval-Augmented Generation for Natural Language Processing: A Survey},
  url     = {https://arxiv.org/abs/2407.13193},
  year    = {2024}
}

@book{russell2010aima,
  title={Artificial Intelligence: A Modern Approach},
  author={Russell, Stuart J. and Norvig, Peter},
  year={2010},
  edition={3rd},
  publisher={Prentice Hall},
  address={Upper Saddle River, NJ, USA}
}

@misc{aws2024goalagents,
  title={Understanding Goal-Based Agents},
  author={{Amazon Web Services}},
  year={2024},
  note={\url{https://aws.amazon.com/what-is/ai-agents/}},
  howpublished={Accessed May 2025}
}

@misc{aws2024utilityagents,
  title={Understanding Utility-Based Agents},
  author={{Amazon Web Services}},
  year={2024},
  note={\url{https://aws.amazon.com/what-is/ai-agents/}},
  howpublished={Accessed May 2025}
}

@misc{aws2024learningagents,
  title={What is a Learning Agent?},
  author={{Amazon Web Services}},
  year={2024},
  note={\url{https://aws.amazon.com/what-is/ai-agents/}},
  howpublished={Accessed May 2025}
}

@misc{aws2024hierarchicalagents,
  title={Hierarchical Agents in AI Systems},
  author={{Amazon Web Services}},
  year={2024},
  note={\url{https://aws.amazon.com/what-is/ai-agents/}},
  howpublished={Accessed May 2025}
}

@misc{AWS2024,
  author = {Amazon Web Services},
  title = {Types of AI Agents},
  year = {2024},
  note = {\url{https://aws.amazon.com/what-is/ai-agents/}},
  
}

@techreport{IBM2024,
  author       = {IBM Research},
  title        = {Agentic AI: Leveraging Large Language Models for Autonomous Reasoning and Tool Use},
  institution  = {IBM Research},
  year         = {2024},
  url          = {https://www.ibm.com/architectures/patterns/agentic-ai},
  note         = {Accessed: 2025-05-15}
}



@article{johnson2019billion,
  title={Billion-scale similarity search with GPUs},
  author={Johnson, Jeff and Douze, Matthijs and J{\'e}gou, Herv{\'e}},
  journal={arXiv preprint arXiv:1702.08734},
  year={2019}
}

@misc{mistral2023,
  title={Mistral 7B Model Release},
  author={Mistral AI},
  year={2023},
  note={\url{https://mistral.ai}}
}

@misc{google2024gemini,
  title={Gemini Pro: Advanced LLM by Google},
  author={Google Research},
  year={2024},
  
}

@misc{langgraph2024,
  title={LangGraph: A Modular Agent Orchestration Framework},
  author={LangGraph Team},
  year={2024},
  note={\url{https://github.com/langchain-ai/langgraph}}
}

@inproceedings{chen2023toolformer,
  title={Toolformer: Teaching Large Language Models to Use Tools},
  author={Chen, Mark and et al.},
  booktitle={arXiv preprint arXiv:2302.04761},
  year={2023}
}


@inproceedings{Lewis2020RetrievalAugmentedGeneration,
  title={Retrieval-Augmented Generation for Knowledge-Intensive NLP Tasks},
  author={Patrick Lewis and Ethan Perez and Aleksandra Piktus and Fabio Petroni and Vladimir Karpukhin and Naman Goyal and Heinrich K{\"u}ttler and Mike Lewis and Wen-tau Yih and Tim Rockt{\"a}schel and Sebastian Riedel and Douwe Kiela},
  booktitle={Advances in Neural Information Processing Systems (NeurIPS)},
  year={2020}
}

@inproceedings{Karpukhin2020DensePassageRetrieval,
  title={Dense Passage Retrieval for Open-Domain Question Answering},
  author={Vladimir Karpukhin and Barlas Oğuz and Sewon Min and Patrick Lewis and Ledell Wu and Sergey Edunov and Danqi Chen and Wen-tau Yih},
  booktitle={Proceedings of the 2020 Conference on Empirical Methods in Natural Language Processing (EMNLP)},
  year={2020}
}

@inproceedings{Roberts2020BARTDenoising,
  title={BART: Denoising Sequence-to-Sequence Pre-training for Natural Language Generation, Translation, and Comprehension},
  author={Adam Roberts and Colin Raffel and Noam Shazeer},
  booktitle={Proceedings of the 58th Annual Meeting of the Association for Computational Linguistics (ACL)},
  year={2020}
}

@inproceedings{Jia2017AdversarialExamples,
  title={Adversarial Examples for Evaluating Reading Comprehension Systems},
  author={Robin Jia and Percy Liang},
  booktitle={Proceedings of the 2017 Conference on Empirical Methods in Natural Language Processing (EMNLP)},
  year={2017}
}

@phdthesis{chaslot2010monte,
  author    = {Chaslot, Guillaume M. J.-B.},
  title     = {Monte-Carlo Tree Search},
  year      = {2010},
  school    = {Maastricht University},
  url       = {https://cris.maastrichtuniversity.nl/ws/portalfiles/portal/18407446/a5918.pdf}
}

@mastersthesis{bax2020determinization,
  author    = {Bax, Freek},
  title     = {Determinization with Monte Carlo Tree Search for the card game Hearts},
  year      = {2020},
  school    = {University of Utrecht},
  url       = {https://studenttheses.uu.nl/bitstream/handle/20.500.12932/37736/Thesis_draft.pdf?sequence=1}
}

@phdthesis{rimmel2009improvements,
  author    = {Rimmel, Arpad},
  title     = {Improvements and Evaluation of the Monte-Carlo Tree Search Algorithm},
  year      = {2009},
  school    = {Université Paris-Sud},
  url       = {https://www.lri.fr/~marc/thesesTAO/RimmelPhD.pdf}
}


@article{langgraph2024agentai,
  author    = {Doe, John and Smith, Jane},
  title     = {Agent AI with LangGraph: A Modular Framework for Enhancing Machine Translation Using Large Language Models},
  journal   = {arXiv},
  volume    = {2412.03801},
  year      = {2024},
  url       = {https://arxiv.org/abs/2412.03801}
}
